<?xml version="1.0" encoding="UTF-8"?><collection xmlns="http://www.loc.gov/MARC21/slim"><record><leader>00560nam--2200205-i-4500</leader><controlfield tag="001">000042776</controlfield><controlfield tag="002">20161230</controlfield><controlfield tag="005">20161230201043</controlfield><controlfield tag="008">060222s1000------------r-----000-0-rus-d</controlfield><datafield ind1=" " ind2=" " tag="040"><subfield code="a">IFIN-HH</subfield></datafield><datafield ind1=" " ind2=" " tag="041"><subfield code="a">rus</subfield></datafield><datafield ind1=" " ind2=" " tag="080"><subfield code="a">539.12:530.145</subfield></datafield><datafield ind1="1" ind2=" " tag="100"><subfield code="a">Schwinger,Julian</subfield></datafield><datafield ind1="1" ind2="0" tag="245"><subfield code="a">Ceastiti, istoceniki, polia</subfield><subfield code="c">Julian schwinger</subfield></datafield><datafield ind1=" " ind2=" " tag="260"><subfield code="a">Moskva</subfield><subfield code="b">Mir</subfield><subfield code="c">1973, 1976</subfield></datafield><datafield ind1=" " ind2=" " tag="300"><subfield code="a">2 VOLUME</subfield></datafield><datafield ind1=" " ind2=" " tag="500"><subfield code="a">Titlul Original In Limba Engleza: Particles, Sources And Fields</subfield></datafield><datafield ind1="1" ind2=" " tag="787"><subfield code="a">Tom 2</subfield><subfield code="h">475p</subfield></datafield><datafield ind1=" " ind2=" " tag="852"><subfield code="a">40251</subfield><subfield code="c">539.12</subfield></datafield><datafield ind1=" " ind2=" " tag="CAT"><subfield code="a">Sys</subfield><subfield code="c">20111123</subfield><subfield code="h">153209</subfield></datafield></record></collection>